@Book{sakarovitch.03.eta,
  author =       {Jacques Sakarovitch},
  publisher =    {Vuibert informatique},
  title =        {\'El\'ements de th\'eorie des automates},
  year =         2003,
}

  @Comment note =         {Corrected English translation of \emph{\'El\'ements
  @Comment                 de th\'eorie des automates}, Vuibert, 2003},
@book{sakarovitch.09.eat,
  author =       {Jacques Sakarovitch},
  title =        {Elements of Automata Theory},
  publisher =    {Cambridge University Press},
  year =         2009,
  note = {Corrected English translation of \cite{sakarovitch.03.eta}.}
}
